@article{clustering_1,
	Author = {A.K.Jain, M.N.Murty, P.J.Flyn,},
	Journal = {ACMComput.Surveys},
	Title = {Data clustering: areview},
	Year = {1999}}
	
@article{clustering_2,
	Author = {M.A.Ismail},
	Journal = {Elservier Science PublishersB.V.,North-Holland,Amsterdam},
	Title = {Softclustering: algorithms and validity of solutions},
	Year = {1999}}

@article{clustering_3,
	Author = {S.Z.Selim, M.A.Ismail},
	Journal = {PatternRecognition17},
	Title = {Soft clustering of multidimensional data: asemi-fuzzy approach},
	Year = {1984}}

@article{clustering_4,
	Author = {T.Hastie, R.Tibshirani, J.Friedman},
	Journal = {Inference and Prediction},
	Title = {The Elements of Statistical Learning. Data Mining},
	Year = {2001}}
	
@article{clustering_5,
	Author = {L.Kaufman, P.J.Rousseeuw},
	Journal = {An Introduction to Cluster Analysis, Wiley, NewYork},
	Title = {Finding Groups in Data},
	Year = {1990}}
	
@article{clustering_6,
	Author = { T.Zhang,R.Ramakrishnan,M.Linvy,BIRCH},
	Journal = {Data Mining Knowl.Discovery},
	Title = {an efficient data clustering method for very large data sets},
	Year = {1997}}	
	
@article{clustering_7,
	Author = {R.T.Ng,J.Han,CLARANS},
	Journal = {IEEETrans.Knowl.DataEng},
	Title = {A method for clustering objects for spatial data mining},
	Year = {2002}}		

@article{clustering_8,
	Author = {W.Wang,J.Yang,M.Muntz,STING},
	Journal = {International Conferenceon Very Large DataBases},
	Title = {a statistical information grid approach to spatial data mining},
	Year = {1997}}		
	
@article{clustering_9,
	Author = {R.Agrawal,J.Gehrke,D.Gunopulos,P.Raghavan},
	Journal = {ACM-SIGMOD Conference on the Management of Data},
	Title = {Automatic subspace clustering of highdimensional data for data mining applications},
	Year = {1998}}			

@article{clustering_10,
	Author = {G.Sheikholeslami,S.Chatterjee,A.Zhang,WaveCluster},
	Journal = {International Conference on Very Large DataBases},
	Title = {a multi resolution clustering approach for very large spatial databases},
	Year = {1998}}				
	
@article{clustering_11,
	Author = {A.Hinneburg,D.A.Keim},
	Journal = {Knowledge Discovery and Data Mining},
	Title = {An efficient approach to clustering in large multimedia databases withnoise},
	Year = {1998}}					

@article{clustering_12,
	Author = {M.Ester,H.-P.Kriegel,J.Sander,X.Xu},
	Journal = {Proceedings of the Second International Conference on Knowledge Discovery and Data Mining,Portland},
	Title = {A density-based algorithm for discovering clusters in large spatial datasets with noise},
	Year = {1997}}		
	
@article{clustering_13,
	Author = {L.Ert ¨ oz, M.Steinbach,V.Kumar},
	Journal = {Proceedings of Second SIAM International Conference on Data Mining, SanFrancisco},
	Title = {Finding clusters of different sizes,shapes, and densities in noisy, high dimensional data},
	Year = {2003}}			
	
@article{clustering_14,
	Author = {G.Karypis,E.H.Han,V.Kumar},
	Journal = {},
	Title = {CHAMELEON:a hierarchical clustering algorithm using dynamic modeling},
	Year = {1999}}
	
@article{clustering_15,
	Author = {Michael Steinbach,George Karypis,Vipin Kumar},
	Journal = {KDD workshop on text},
	Title = {A Comparison of Document Clustering Techniques	},
	Year = {2000}}
	
@article{Mitosis_1,
	Author = {Noha A.Yousri, MohamedS.Kamel, MohamedA.Ismail},
	Journal = {Elsevier},
	Title = {A distance-relatedness dynamic model for clustering high dimensional data of arbitrary shapes and densities},
	Year = {2008}}	
	
	
	
@article{recom_45,
	Author = {Hill, W., L. Stead, M. Rosenstein, G. Furnas},
	Journal = {Recommending and evaluating choices},
	Title = {Recommending and evaluating choices},
	Year = {1995}}	
	
@article{recom_86,
	Author = {Resnick, P., N. Iakovou, M. Sushak, P. Bergstrom, J. Riedl},
	Journal = {Proceedings of the 1994 Computer Supported Cooperative Work Conference},
	Title = {GroupLens: An open architecture for collaborative filtering of netnews},
	Year = {1994}}	

@article{recom_97,
	Author = {Shardanand, U., P. Maes},
	Journal = {In Proc. of the Conf. on Human Factors in Computing Systems},
	Title = {Social information filtering: Algorithms for automating ‘word of mouth’},
	Year = {1995}}		

	
@article{recom_61,
	Author = {Linden, G., B. Smith,J. York},
	Journal = {In Proc. of the Conf. on Human Factors in Computing Systems},
	Title = {IEEE Internet Computing, Jan.-Feb},
	Year = {2003}}	

	
@article{recom_67,
	Author = {Miller, B. N., I. Albert, S. K. Lam, J. A. Konstan, J. Riedl},
	Journal = {International Conference on Intelligent User Interfaces, Miami, Florida},
	Title = {MovieLens Unplugged: Experiences with an Occasionally Connected Recommender System},
	Year = {2003}}	
	
@article{recom_14,
	Author = {Billsus, D., C. A. Brunk, C. Evans, B. Gladish, M. Pazzani},
	Journal = {Commnications of the ACM, 45(5):34-38},
	Title = {Adaptive interfaces for ubiquitous web access},
	Year = {2002}}	

  
@article{recom_78,
	Author = {Peddy, C. C., D. Armentrout},
	Journal = {Microsoft Press},
	Title = {Building Solutions with Microsoft Commerce Server 2002.},
	Year = {2003}}	
		

@article{recom_7,
	Author = {Baeza-Yates, R., B. Ribeiro-Neto},
	Journal = {},
	Title = {Modern Information Retrieval. Addison-Wesley},
	Year = {1999}}

@article{recom_10,
	Author = {Belkin, N., B. Croft},
	Journal = {Communications of the ACM, 35(12):29-37},
	Title = {Information filtering and information retrieval},
	Year = {1992}}
	
@article{recom_89,
	Author = {Salton, G},
	Journal = {Communications of the ACM, 35(12):29-37},
	Title = {Automatic Text Processing. Addison-Wesley},
	Year = {1989}}

@article{recom_77,
	Author = {Pazzani, M., D. Billsus},
	Journal = {Machine Learning, 27:313-331},
	Title = {Learning and revising user profiles: The identification of interesting web sites},
	Year = {1997}}	
	
	
@article{recom_8,
	Author = {Balabanovic, M. ,Y. Shoham},
	Journal = {Communications of the ACM, 40(3):66-72},
	Title = {Fab: Content-based, collaborative recommendation.},
	Year = {1997}}	
	
@article{recom_56,
	Author = {Lang, K. Newsweeder},
	Journal = {The 12th International Conference on Machine Learning},
	Title = {Learning to filter netnews},
	Year = {1995}}
	
@article{recom_69,
	Author = {Mooney, R. J. and L. Roy},
	Journal = {In ACM SIGIR'99. Workshop on Recommender Systems: Algorithms and Evaluation},
	Title = {Content-based book recommending using learning for text categorization.},
	Year = {1999}}		

	
@article{recom_85,
	Author = {Rocchio, J. J},
	Journal = {SMART Retrieval System – Experiments in Automatic Document Processing, G. Salton ed., PrenticeHall, Ch. 14},
	Title = {Relevance Feedback in Information Retrieval},
	Year = {1971}}

	
@article{recom_62,
	Author = {Littlestone, N. and M. Warmuth},
	Journal = {Information and Computation, 108(2):212-261},
	Title = {The Weighted Majority Algorithm},
	Year = {1994}}

@article{recom_76,
	Author = {Pazzani, M. A framework for collaborative},
	Journal = {Artificial Intelligence Review, pages 393-408},
	Title = {content-based and demographic filtering},
	Year = {1999}}	
	

@article{recom_70,
	Author = {Mooney, R. J., P. N. Bennett, L. Roy},
	Journal = {In Recommender Systems. Papers from 1998 Workshop. Technical Report WS-98-08. AAAI Press},
	Title = {Book recommending using text categorization with extracted information},
	Year = {1998}}		
	
@article{recom_31,
	Author = {Duda, R. O., P. E. Hart, D. G. Stork},
	Journal = {},
	Title = {Pattern Classification, John Wiley, Sons},
	Year = {2001}}			
	


@article{recom_101,
	Author = {Somlo, G. ,A. Howe},
	Journal = {International Symposium on Intelligent Data Analysis, Lisbon, Portugal},
	Title = {Adaptive Lightweight Text Filtering. In Proceedings of the 4th},
	Year = {2001}}

@article{recom_111,
	Author = {Zhang Y. ,J. Callan},
	Journal = {24th Annual International ACM SIGIR Conference, New Orleans},
	Title = {Maximum Likelihood Estimation for Filtering Thresholds},
	Year = {2001}}


@article{recom_112,
	Author = {Zhang, Y, J. Callan, and T. Minka},
	Journal = {the 25th Annual International ACM SIGIR Conference, pp. 81-88},
	Title = {Novelty and redundancy detection in adaptive filtering},
	Year = {2002}}
	

@article{recom_84,
	Author = {Robertson S., S. Walker},
	Journal = {Journal of Documentation, 56:312-331},
	Title = {Threshold Setting in Adaptive Filtering},
	Year = {2000}}	


@article{recom_98,
	Author = {Sheth, B. ,Maes P},
	Journal = {9th IEEE Conference on Artificial Intelligence for Applications},
	Title = {Evolving agents for personalized information filtering},
	Year = {1993}}	
	

@article{recom_13,
	Author = {Billsus, D. ,M. Pazzani},
	Journal = {User-Adapted Interaction, 10(2-3):147-180},
	Title = {User Modeling and User modeling for adaptive news access},
	Year = {2000}}		
